@article{ane-romano-2013,
  author = "P. K. Romano and B. Forget",
  title = "The {OpenMC} {M}onte {C}arlo Particle Transport Code",
  journal = "Ann. Nucl. Energy",
  volume = 51,
  pages = "274--281",
  year = 2013,
}

@techreport{bnl-trkov-2012,
  author = "A. Trkov and M. Herman and D. A. Brown",
  title = "{ENDF-6} Formats Manual. Data Formats and Procedures for the Evaluated
                  Nuclear Data Files {ENDF/B-VI} and {ENDF/B-VII}",
  institution = "Brookhaven National Laboratory",
  number = "BNL-90365-2009 Rev 2",
  address = "Upton, New York",
  year = 2012,
}

@techreport{lanl-brown-2005,
  author = "F. B. Brown",
  title = "Fundamentals of {M}onte {C}arlo Particle Transport",
  institution = "Los Alamos National Laboratory",
  number = "LA-UR-03-1987",
  address = "Los Alamos, New Mexico",
  year = 2005,
}

@techreport{lanl-everett-1983,
  author = "C. J. Everett and E. D. Cashwell",
  title = "A Third {M}onte {C}arlo Sampler (A Revision and Extension of Samplers
                  {I} and {II})",
  institution = "Los Alamos National Laboratory",
  number = "LA-9721-MS",
  address = "Los Alamos, New Mexico",
  year = 1983,
}

@techreport{lanl-macfarlane-2012,
  author = "R. E. MacFarlane and D. W. Muir and R. M. Boicourt and A. C. Kahler",
  title = "The {NJOY} Nuclear Data Processing System, Version 2012",
  institution = "Los Alamos National Laboratory",
  number = "LA-UR-12-27079",
  address = "Los Alamos, New Mexico",
  year = 2012,
}

@article{nds-chadwick-2011,
  author = "M. B. Chadwick and others",
  title = "{ENDF/B-VII.1} Nuclear Data for Science and Technology: Cross
                  Sections, Covariances, Fission Product Yield and Decay Data",
  journal = "Nucl. Data Sheets",
  volume = 112,
  number = 12,
  pages = "2887--2996",
  year = 2011,
}

@article{nse-madland-1982,
  author = "D. G. Madland and J. R. Nix",
  title = "New Calculation of Prompt Fission Neutron Spectra and Average Prompt
                  Neutron Multiplicities",
  journal = "Nucl. Sci. Eng.",
  volume = 81,
  pages = "213--271",
  year = 1982,
}

@article{physrev-terrell-1959,
  author = "J. Terrell",
  title = "Fission Neutron Spectra and Nuclear Temperature",
  journal = "Phys. Rev.",
  volume = 113,
  number = 2,
  pages = "527--541",
  year = 1959,
}

@article{physrev-watt-1952,
  author = "B. E. Watt",
  title = "Energy spectrum of neutrons from fission of {U}$^{235}$",
  journal = "Phys. Rev.",
  volume = 87,
  number = 6,
  pages = "1037--1041",
  year = 1951,
}

@article{physrev-weisskopf-1937,
  author = "V. Weisskopf",
  title = "Statistics and Nuclear Reactions",
  journal = "Phys. Rev",
  volume = 52,
  number = 4,
  pages = "295--303",
  year = 1937,
}

@inproceedings{snamc-griesheimer-2013,
  author = "D. P. Griesheimer and D. F. Gill and B. R. Nease and T. M. Sutton
                  and M. H. Stedry and P. S. Dobreff and D. C. Carpenter and
                  T. H. Trumbull and E. Caro and H. Joo and D. L. Millman",
  title = "{MC21} v.6.0 --- A Continuous-Energy {M}onte {C}arlo Particle
                  Transport Code with Integrated Reactor Feedback Capabilities",
  booktitle = "Supercomputing in Nuclear Applications and Monte Carlo",
  address = "Paris, France",
  year = 2013,
}
